2044 2748
1694 303 1745 342 ¹9

349 386 434 431 esse.
497 402 719 430 Μετειῃέ
746 400 876 428 scxmo
906 384 1075 433 dicebat,
1118 401 1317 427 annonam
1344 386 1469 429 subito
1492 388 1577 443 post
1601 390 1738 430 horam

347 455 520 498 quartam
546 444 675 483 senatu
704 442 808 482 miffo
835 457 922 481 cum
950 442 1062 493 seruis
1090 444 1251 496 amplius
1277 447 1376 483 CCC.
1411 448 1560 484 armatis
1580 445 1738 485 obuiam

347 515 501 538 cLomo
522 496 776 546 contendisse,
806 507 844 536 et
861 497 972 550 supra
990 497 1150 537 Bouillas
1167 500 1433 551 inopinantem
1462 502 1501 538 in
1524 502 1661 539 itinere
1677 513 1740 551 ag-

345 553 530 606 gressum:
548 555 612 595 'ibi
630 569 823 593 cnova
842 554 962 593 tribus
991 553 1209 593 vulneribus
1238 555 1403 607 acceptis
1429 554 1591 594 Bouillas
1616 556 1737 608 perla-

344 618 449 657 tum3
467 616 470 618 ’
489 613 702 658 tabernam,
747 612 787 648 in
819 623 930 661 quam
961 610 1199 660 profugerat,
1235 618 1487 661 expugnatam
1510 625 1530 649 a
1550 623 1736 650 Minoum

341 664 599 704 semianimem
629 678 818 704 cnomvm
847 662 1052 704 extra-stum
1078 665 1118 703 in
1144 665 1203 703 via
1226 666 1349 716 Appia
1371 664 1536 704 occisum
1564 663 1649 712 effe,
1670 679 1735 704 an-

340 721 554 775 nulumque
580 721 659 758 eius
690 722 726 759 ei
753 720 938 759 morienti
967 718 1193 759 extrafi'cum:
1231 719 1369 759 deinde
1397 735 1618 771 ΜιιοΝεΜ,
1645 734 1736 760 cum

297 800 302 803 ,
339 776 469 822 sciret,
505 779 545 815 in
576 775 725 815 Albano
751 776 951 830 paruulum
979 775 1099 814 filium
1128 790 1269 814 ccomt
1297 773 1435 815 venisse
1461 776 1506 814 ad
1522 777 1667 823 villam,
1693 784 1734 815 et

341 845 430 871 cum
449 846 547 885 puer
561 840 649 871 ante
671 830 878 871 subtrastus
898 828 1008 877 esset,
1033 830 1079 868 de
1099 830 1208 869 seruo
1225 831 1377 869 Alicore
1402 830 1659 883 quaestionem
1678 833 1732 871 ita

339 885 523 933 habuisse,
561 897 603 926 vt
631 900 718 926 eum
747 887 971 926 articulatim
1002 886 1241 927 consecaretz
1271 887 1434 926 villicum
1453 896 1491 925 et
1508 884 1603 927 duos
1622 900 1731 940 prae-

340 952 443 980 terea
462 941 591 981 seruos
610 940 810 992 iugulass‘et
840 956 884 980 ex
902 941 1019 981 seruis
1040 957 1203 988 cnonn,
1237 943 1303 993 qui
1328 942 1527 981 dominum
1549 942 1732 981 defende-

337 999 436 1045 rint,
462 997 639 1035 vndecim
656 994 726 1035 effe
742 994 981 1038 interfestosz
1009 1012 1181 1037 aunoms
1202 996 1297 1036 duos
1318 996 1414 1036 solos
1440 996 1581 1037 saucios
1607 996 1727 1037 faRos

338 1051 425 1091 effe:
461 1052 562 1091 hanc
591 1052 640 1092 ob
666 1053 811 1092 causam
838 1068 1037 1093 annom-:M
1066 1052 1217 1107 postero
1235 1053 1295 1091 die
1314 1055 1394 1093 XII.
1421 1053 1571 1102 seruos,
1601 1054 1667 1107 qui
1692 1054 1730 1092 ei

336 1111 500 1148 maxime
536 1122 691 1161 operam
723 1107 936 1156 nauass'ent,
989 1106 1257 1162 manumifflse,
1299 1108 1527 1161 populoque
1551 1110 1727 1149 tributim

334 1163 477 1212 fingula
501 1164 615 1200 millia
642 1164 737 1200 aeris
764 1164 811 1199 acl
836 1163 1099 1205 defendendos
1122 1164 1169 1202 de
1186 1164 1222 1201 se
1249 1176 1424 1201 rumores
1441 1161 1588 1203 dedisse.
1643 1178 1727 1204 MV-

335 1232 494 1258 nAc1vs
513 1229 701 1264 PLAchs
718 1216 757 1255 in
778 1216 1008 1256 concionem
1027 1214 1262 1268 producebat
1285 1231 1330 1255 M.
1351 1231 1566 1257 Azmuvn
1593 1233 1729 1258 ιιιιιιε-

336 1289 510 1319 MONBM,
537 1274 602 1325 qui
620 1272 729 1318 dixit,
758 1271 795 1310 se
815 1280 980 1324 quatuor
999 1283 1087 1309 cum
1110 1271 1189 1310 aliis
1207 1269 1430 1310 hominibus
1455 1272 1605 1321 liberis,
1634 1287 1726 1313 cum

337 1343 513 1368 cnonivs
538 1326 801 1374 occideretur,
841 1322 1118 1379 superueniffe,
1163 1338 1331 1378 cumque
1356 1328 1406 1366 ob
1434 1326 1473 1366 id
1499 1328 1726 1382 proclamas-

335 1386 440 1436 sent,
479 1398 610 1424 omnes
636 1383 814 1436 abreptos
840 1391 879 1420 et
903 1384 943 1421 in
969 1382 1093 1422 villam
1121 1396 1302 1422 numus
1328 1382 1551 1436 perduflws,
1592 1385 1722 1438 ibique

333 1455 405 1495 per
431 1440 527 1479 duos
554 1438 701 1476 menses
728 1437 944 1490 praeclusos
971 1435 1094 1482 fuiss'e,
1122 1450 1220 1490 quae
1241 1451 1319 1483 τες,
1358 1438 1422 1477 seu
1440 1452 1526 1478 vera
1543 1439 1607 1478 seu
1627 1440 1723 1490 falsa,

334 1509 511 1547 magnam
534 1493 716 1533 inuidiam
735 1507 886 1532 ninom
905 1494 1103 1535 contraxit.
1156 1491 1288 1532 Testes
1308 1493 1644 1545 interrogauerunt
1659 1505 1725 1537 cx.

336 1568 465 1597 ceno,
497 1563 739 1589 MARCELLVS
760 1557 799 1586 et
825 1562 929 1586 nuno
951 1547 1088 1601 ipsex).
1145 1548 1263 1587 Multi
1287 1562 1332 1587 ex
1356 1550 1423 1598 iis,
1470 1552 1537 1602 qui
1563 1552 1723 1591 Bouillis

334 1606 570 1650 habitabant,
608 1603 865 1643 testimonium
893 1602 1071 1642 dixerunt
1099 1601 1147 1640 de
1174 1603 1238 1650 iis,
1275 1618 1370 1656 quae
1398 1605 1451 1644 ibi
1477 1603 1572 1645 fassza
1600 1617 1721 1657 erant,

335 1676 554 1714 cauponem
579 1660 761 1705 occisum,
804 1657 1000 1698 tabernam
1023 1667 1299 1709 expugnatam,
1343 1673 1485 1712 corpus
1513 1676 1649 1701 czonn
1678 1665 1719 1703 in

333 1718 531 1773 publicum
558 1714 765 1755 extrafitum
790 1711 874 1752 eise.
939 1715 1115 1807 Virgings
1143 1726 1300 1767 quoque
1339 1714 1500 1756 Vestales
1533 1716 1719 1811 dixerulnt,

1121 1778 1147 1811 2
1591 1774 1724 1812 muie-

375 1895 420 1940 x)
439 1894 490 1927 En
508 1893 797 1928 luculentissimum
816 1891 1021 1936 exemplum,
1045 1902 1112 1935 quo
1129 1890 1339 1926 confirmatur
1360 1890 1414 1930 id,
1446 1891 1538 1935 quod
1556 1892 1597 1927 de
1620 1893 1719 1930 inter.

420 1940 590 1984 rogatione
610 1939 740 1973 testium
766 1939 853 1985 apud
869 1939 960 1972 Rom.
977 1938 1028 1970 vel
1047 1939 1087 1971 ab
1108 1937 1178 1982 ipsis
1193 1937 1339 1981 partibus
1359 1936 1440 1969 fasta
1467 1936 1532 1971 iam
1556 1940 1634 1973 alibi
1657 1943 1715 1975 ob-

418 1986 581 2020 seruatum
605 1986 677 2020 fuit.
730 1987 811 2019 Rem
839 1995 971 2018 omnem
998 1992 1104 2018 narrat
1122 1994 1314 2017 Ascomvs
1347 1995 1540 2017 rantasvs
1571 1984 1605 2018 in
1625 1989 1714 2022 Com.

420 2045 548 2066 menmr.
568 2037 600 2066 in
622 2035 711 2067 Orat.
729 2033 846 2077 aliquot
865 2032 926 2065 Cic.
943 2029 1000 2073 qui
1018 2040 1035 2062 e
1051 2029 1234 2066 recenfione
1254 2041 1354 2065 run„
1372 2040 1708 2067 ΜειΑΝεΗτειοΝις

420 2078 596 2124 Ilagenoiae
612 2078 677 2111 fine
696 2087 798 2115 ment.
815 2075 894 2110 anni
910 2075 1002 2119 prod.
1017 2085 1049 2121 p.
1066 2079 1095 2115 6,
1101 2077 1154 2121 sq.
