2044 2748
345 279 401 321 30

346 368 532 417 Fauonio,
563 366 739 420 quaerenti
760 360 858 403 ex'eo
870 394 879 411 ,
904 375 972 416 qua
979 362 1057 415 five·
1057 365 1198 418 fureret
1217 364 1354 404 Milone
1370 365 1463 413 viuo,
1480 363 1667 418 respondit,
1683 365 1750 404 m:

347 428 415 463 duo
436 425 552 470 illum,
576 425 624 460 ad
627 421 801 472 summum
819 422 1003 473 quatriduo
1013 424 1233 470 periturum:
1263 435 1365 473 quam
1383 419 1494 459 votem
1511 424 1581 460 eius
1599 424 1647 459 ad
1662 420 1749 459 hunc

347 481 405 520 M
425 480 588 526 Catonem
606 476 722 525 statim
739 478 920 520 Fauonius
938 475 1069 514 detulit.
1125 475 1262 515 Audio.
1316 474 1389 514 Sed
1417 475 1560 515 dudum
1589 476 1646 515 alii
1664 488 1746 514 mo-

346 543 552 580 nuerunt,
567 532 659 571 solas
679 533 817 577 minas,
846 529 912 569 nifi
932 544 1018 569 cum
1035 529 1330 583 praesentiffimo
1351 528 1577 570 coniunaae
1596 530 1669 570 fint
1689 544 1753 583 pe-

348 589 492 637 riculo,
529 587 573 626 ad
599 586 846 625 moderamen
874 585 1089 639 inculpatae
1116 587 1255 626 tutelae
1282 586 1383 625 haud
1408 582 1591 625 sufficere.
1649 589 1755 625 Bene

349 656 540 687 sem-:0222
577 643 683 686 Nihil
706 642 752 694 est
757 642 902 694 stultius
922 642 1054 681 homfne
1080 646 1184 682 verba
1208 649 1390 689 metuente,
1426 642 1607 693 idemque
1633 644 1672 679 de
1699 645 1754 681 Ir.

346 703 402 753 II.
415 712 480 753 32.
536 699 602 739 Ille
619 712 762 752 magnus
780 705 814 736 et
831 698 953 736 nobilis
970 697 1035 750 est,
1063 700 1123 751 qui
1139 712 1230 738 more
1248 698 1666 752 nzagnaeferaeslatratus
1693 698 1757 735 mie

349 765 512 797 mutorum
538 769 656 794 canum
676 753 822 806 securus
854 755 1006 795 exaudit,
1076 753 1245 802 Deinde,
1283 753 1386 806 quod
1413 754 1662 807 praecipuum
1690 749 1752 798 est,

349 810 504 851 viciffim
523 813 636 849 etiam
658 822 763 850 Μιιο
786 809 894 861 saepe
914 823 1065 849 cnomo
1084 810 1250 849 minatus
1270 819 1371 857 erat,
1407 818 1447 847 vt
1467 822 1669 848 Ascomvs
1697 820 1755 845 re-

351 868 428 908 fert
446 868 506 905 his
525 866 672 905 verbisz
698 866 835 904 Notum
851 872 963 904 tamen
981 872 1076 911 erat,
1104 872 1285 917 utrumque
1298 872 1441 904 mortem
1458 864 1560 903 alteri
1570 862 1678 914 saepe
1697 865 1757 901 mi·

349 931 471 963 natum
495 922 581 975 effe,
608 922 743 976 etstcut
760 920 961 972 suffiefi'um
985 922 1155 960 Milonem
1180 923 1308 968 maior,
1340 934 1441 972 quam
1459 920 1592 966 Clodii,
1613 919 1757 971 fiamilia

341 981 522 1033 faciebat,
559 980 611 1016 ita
638 979 832 1027 expeditior
857 984 891 1015 et
917 979 1085 1026 paratior
1110 979 1159 1015 ad
1176 990 1329 1030 pugnam
1357 976 1619 1019 Clodianorum,
1657 986 1758 1025 quam

351 1035 520 1081 Milonis,
549 1034 696 1086 fuerat,
734 1031 906 1083 adeoque
933 1033 970 1070 in
997 1032 1079 1085 pari
1104 1032 1217 1070 ambo
1246 1030 1490 1070 versabantur
1514 1029 1644 1082 culpa,
1683 1040 1757 1066 nec

356 1102 491 1130 enom!
512 1091 636 1128 minae
655 1102 850 1127 ΜιιοΝΕΜ
868 1087 998 1126 itidem
1019 1088 1261 1127 minitantem
1285 1086 1473 1128 excusant.

463 1201 619 1238 Poterat
641 1195 727 1234 sane
746 1209 848 1234 Mino
876 1208 1021 1234 czomo
1041 1193 1188 1233 iamiam
1207 1193 1406 1233 vulnerato
1434 1201 1472 1232 et
1499 1194 1538 1233 in
1559 1193 1758 1232 tabernam

351 1257 563 1314 proximam
584 1252 706 1289 delato
719 1282 728 1299 ,
755 1249 968 1301 quiescere,
1013 1262 1084 1287 nec
1103 1246 1174 1287 ess‘e
1202 1248 1364 1288 debebat
1381 1249 1482 1288 vltor
1500 1250 1670 1296 iniuriae,
1687 1261 1758 1302 pu-

354 1315 459 1354 nitor
479 1308 624 1350 doloris
645 1305 711 1345 sui.
766 1303 881 1343 Reae
898 1319 1131 1344 xvvssuAms
1152 1305 1279 1347 XIII.
1297 1310 1380 1358 189.

533 1414 579 1423 —-
624 1414 666 1421 —
711 1396 832 1441 Qippe
854 1398 968 1429 minuti
1303 1431 1306 1434 Α

536 1452 658 1497 Semper
682 1465 711 1486 et
737 1453 852 1496 infirmi
879 1451 919 1496 est
936 1455 1034 1487 animi
1058 1455 1222 1499 exiguique
1245 1452 1384 1497 voluptas

541 1511 643 1545 Vltio.
686 1527 740 1534 ——
787 1527 840 1534 -—-

356 1593 494 1645 Turpe
511 1587 659 1641 semper
681 1592 857 1639 putatum
886 1583 955 1632 est,
988 1583 1084 1625 hosti
1110 1585 1289 1625 insultare
1312 1587 1470 1634 iacenti3
1507 1587 1671 1627 eundem
1697 1601 1758 1626 au-

358 1659 438 1688 tem
453 1649 527 1685 iam
545 1643 725 1692 sanguine
742 1641 963 1679 madentem
989 1653 1102 1694 atque
1131 1641 1416 1692 absconditum,
1453 1644 1662 1690 exturbata,
1692 1643 1757 1681 ubi

360 1704 475 1749 latet,
499 1699 674 1743 taberna,
700 1696 825 1735 rursus
851 1697 890 1734 in
912 1696 1080 1735 medium
1108 1697 1333 1750 protrahere
1359 1697 1566 1750 multisque
1594 1697 1759 1737 vulneri-

358 1759 431 1799 bus
454 1754 647 1801 occidere,
689 1750 726 1790 id
752 1752 866 1805 plane
891 1752 1144 1792 'inhumanum
1173 1761 1283 1806 atque
1310 1752 1509 1792 nefarium
1526 1752 1588 1792 est.
1667 1756 1758 1792 Hoc

362 1828 414 1853 ne
428 1810 578 1851 barbari
594 1806 747 1861 quidem
767 1807 911 1846 faciunt
927 1819 993 1847 aut
1012 1809 1202 1858 latrones,
1231 1810 1295 1861 qui
1314 1808 1457 1850 dudum
1476 1822 1632 1847 omnem
1653 1822 1762 1847 exue-

364 1877 458 1910 runt
478 1865 774 1909 humanitatem,
807 1862 951 1901 nedum
972 1864 1072 1902 ciues
1088 1865 1181 1916 reip.
1199 1866 1237 1902 in
1257 1878 1331 1916 qua
1349 1864 1450 1915 leges
1474 1863 1560 1903 sunt
1579 1873 1617 1903 et
1646 1867 1759 1916 magi-

363 1925 494 1966 stratus
507 1954 516 1971 ,
545 1921 610 1974 qui
628 1919 713 1958 illos
733 1928 868 1958 contra
886 1920 1128 1958 inimicorum
1146 1920 1221 1959 vim
1239 1930 1349 1972 atque
1367 1920 1439 1959 tela
1455 1920 1659 1959 defendere
1678 1920 1761 1973 pos-

365 1981 449 2022 fint.
507 1981 613 2018 Bene
638 1989 712 2013 cuc.
732 1975 771 2013 in
795 1976 860 2014 Or.
873 1975 954 2026 post
972 1978 1071 2015 redit.
1090 1989 1164 2026 cop.
1183 1975 1217 2014 6.
1272 1977 1374 2030 Ego,
1402 1978 1438 2014 in
1463 1990 1530 2028 qua
1553 1978 1693 2018 ciuitate
1709 1978 1762 2014 ni-

367 2038 416 2075 hil
432 2035 559 2075 valeret
568 2032 739 2084 senmus,
766 2032 871 2069 omm's
886 2030 968 2083 estet
986 2033 1190 2082 impunitas,
1217 2032 1479 2084 uuc'latiudiciffi
1501 2034 1554 2071 vis
1571 2039 1606 2071 et
1619 2033 1775 2083 serrum

1722 2100 1760 2124 7η
