2044 2748
297 269 357 310 32

306 356 436 396 sertim
454 368 473 394 a
491 354 661 408 priuato,
688 351 790 395 reae
808 352 1003 394 occiditur.
1059 352 1173 395 Haud
1193 352 1356 408 ‘quidem
1375 368 1437 396 me
1455 354 1569 407 fugit,
1600 354 1707 409 quod

306 413 358 451 ait
381 424 636 451 nARcanvs
666 410 705 449 in
732 412 755 448 l.
768 421 836 463 35.
854 413 908 451 D.
926 414 967 450 de
985 412 1080 466 relig.
1112 413 1260 451 Minime
1275 413 1421 451 maiores
1445 413 1624 468 lugendum
1635 426 1706 462 pu-

305 474 471 508 tauerunt
488 481 561 506 eum
572 496 580 512 ,
607 469 667 519 qui
682 469 731 506 ad
736 469 894 518 patriam
909 468 1099 515 delendam,
1123 475 1158 506 et
1168 474 1352 518 parentes,
1373 474 1408 505 et
1426 470 1549 508 liberos
1572 466 1706 518 interfi-

304 526 438 563 ciendos
455 525 613 562 venerit:
638 536 733 573 quem
740 523 781 576 st
784 521 888 572 filius
901 531 1059 573 patrem,
1090 531 1154 562 aut
1174 530 1283 573 pater
1296 522 1415 572 filium
1442 524 1610 576 occidiffrt
1628 524 1706 579 fin!

300 579 447 633 fidere,
468 580 571 616 etiam
588 580 747 628 praemio
765 577 986 629 adficiendum
1004 577 1115 619 omnes
1132 579 1388 631 constituerunt,
1423 580 1560 631 Ecquis
1578 589 1707 618 autem

306 645 390 676 non
408 632 607 683 intelligit,
632 646 747 685 quam
766 633 933 674 diuersae
952 633 1106 675 linteae
1134 635 1296 687 species,
1331 649 1423 688 quas
1451 648 1704 679 MAnctLLvs

301 700 398 731 tute
415 689 550 730 oculos
572 688 725 737 babuit,
751 689 797 730 ab
822 706 883 739 ea,
912 691 960 731 de
981 706 1055 746 qua
1074 692 1186 734 nobis
1205 694 1244 731 in
1277 691 1465 745 praesenti
1491 691 1615 730 sermo
1644 688 1705 735 cst.

307 763 413 786 Μιιο
432 746 734 804 (αηευσιουινικι
753 761 833 787 non
852 748 946 800 reip.
967 748 1094 795 causa,
1123 747 1185 786 sed
1202 756 1242 786 vt
1258 748 1324 787 suo
1354 747 1580 787 satisfaceret
1605 745 1708 793 odio,

301 811 348 843 vet
374 803 572 843 inimicum
603 815 624 840 e
653 801 779 843 medio
800 803 971 851 tolleret,
1007 803 1211 843 interfecit.
1264 805 1368 843 Bene
1387 815 1646 843 mAncsntvs
1668 803 1708 840 in

294 863 367 899 vcit.
386 862 407 898 l.
433 869 502 910 35,
529 858 650 897 addit:
675 860 746 912 fine
760 859 901 910 fielere.
955 860 1034 899 Alia
1057 861 1159 900 enim
1178 858 1267 899 iusta
1287 859 1418 899 caedes
1434 858 1507 910 est,
1534 859 1604 899 alia
1615 859 1709 900 iniu-

309 914 372 957 ssa.
424 915 501 958 Qui
521 913 673 966 publica
691 912 915 953 austoritate
930 947 942 965 ,
970 915 1120 967 qualem
1143 916 1256 954 habet
1280 913 1536 965 magistrum,
1559 912 1709 958 occidit,

311 970 465 1024 quando
495 969 601 1009 furor
624 969 730 1008 aliter
756 969 914 1024 reprimi
944 972 1080 1024 nequit
1099 1002 1109 1018 ,
1160 979 1229 1011 aut
1262 967 1355 1010 iussu
1375 970 1626 1022 magistratus,
1667 975 1710 1012 vt

309 1026 500 1075 carnifex,
537 1023 629 1064 iuste
656 1025 807 1065 occidit.
863 1028 980 1066 Plane
1004 1028 1230 1073 autem‚alia
1255 1026 1361 1066 causa
1388 1025 1440 1065 est
1459 1028 1711 1079 priuatorum,

310 1082 448 1136 quibus
477 1079 619 1121 iniuffis
648 1095 698 1121 ne
724 1081 1072 1135 perniciosiffimum
1100 1082 1254 1137 quidem
1281 1082 1405 1122 ciuem
1442 1079 1539 1133 (nifi
1569 1080 1712 1120 scilicet

310 1138 503 1190 inculpata
523 1146 677 1176 vtantur
696 1138 833 1185 tutela,
856 1139 1028 1189 adeoque
1051 1139 1184 1176 caedes
1206 1135 1405 1176 necessaria
1426 1137 1500 1189 fit)
1533 1136 1711 1187 occidere

294 1193 362 1235 ’fas
383 1191 448 1234 est.
503 1190 576 1246 Ipfi
598 1191 692 1232 adeo
715 1191 949 1244 perduelles,
977 1198 1183 1244 antequam
1217 1190 1448 1230 damnentur
1468 1202 1533 1230 aut
1552 1192 1713 1245 p'unian-

311 1260 393 1294 tur,
419 1248 549 1287 audire
568 1256 742 1298 oportet,
781 1246 847 1284 nisi
868 1262 911 1285 ex
933 1246 1150 1285 huiusmodi
1171 1246 1301 1285 causae
1329 1248 1554 1296 cognitione
1574 1247 1714 1299 princi-

312 1305 352 1360 pi
370 1312 435 1344 aut
455 1301 684 1357 reipublicae
705 1301 919 1356 periculum
946 1302 1163 1349 immineat,
1197 1308 1237 1339 vt
1256 1299 1358 1340 reste
1378 1310 1513 1341 monet
1541 1316 1711 1341 Ltvsnn

316 1365 378 1412 Sp.
394 1371 490 1413 573.
544 1359 653 1397 Idem
685 1358 839 1411 quidem
869 1362 1042 1412 Sp.574.
1070 1372 1148 1410 quo
1177 1355 1350 1398 destrina
1375 1374 1553 1398 10Anms
1580 1373 1714 1399 »Auvt

316 1416 364 1453 de
383 1414 498 1453 caede
516 1413 770 1466 perduellium
790 1415 946 1465 priuatis
964 1414 1064 1451 licita
1080 1413 1312 1459 vindicatur,
1352 1413 1499 1452 scribit:
1556 1415 1654 1453 Ciuis
1671 1416 1714 1452 ci-

314 1488 388 1513 vem
415 1470 620 1523 perduellem
643 1477 677 1509 et
701 1471 868 1509 communi
882 1470 1040 1521 principi
1057 1482 1097 1509 ac
1124 1469 1329 1521 reipublicae
1352 1471 1496 1510 exitium
1524 1470 1716 1510 machinan-

315 1536 399 1572 tem,
435 1539 532 1578 quem
556 1527 635 1579 fine
658 1539 785 1578 magno
817 1527 1020 1574 r'eipublicae
1042 1525 1236 1575 discrimine
1259 1529 1295 1563 in
1323 1528 1480 1564 iudicium
1506 1528 1644 1564 trahere
1662 1539 1716 1563 ne-

314 1585 414 1638 quit,
434 1583 607 1634 priuatim
637 1583 772 1633 impune
788 1582 918 1621 occidit.
953 1580 1179 1622 Enimuero
1207 1594 1403 1628 cnomvs,
1437 1578 1501 1626 etsi
1528 1580 1717 1621 facinoro-

316 1641 397 1683 sus,
422 1651 658 1688 nequaquam
674 1647 803 1674 tamen
825 1651 867 1674 ea
896 1639 934 1675 in
967 1637 1072 1674 causa
1097 1645 1195 1681 erat,
1228 1646 1269 1674 vt
1296 1647 1474 1687 tanquam
1504 1637 1718 1689 perduellis,

316 1706 468 1751 poenae
499 1690 544 1733 ab
569 1705 616 1733 eo
644 1689 849 1732 sumendae
878 1698 942 1731 aut
969 1689 1129 1746 periculi
1163 1689 1357 1730 auertendi
1387 1690 1514 1739 causa,v
1554 1690 1673 1731 occidi
1696 1703 1717 1728 a

317 1754 469 1803 priuato
489 1752 573 1788 iure
588 1749 719 1802 posset.
776 1748 861 1801 Ipse
881 1749 1026 1788 occisus
1056 1763 1224 1787 cAESAn
1243 1747 1322 1787 aliis
1349 1748 1653 1801 pulcherrImum
1670 1751 1718 1795 Β),

1637 1803 1718 1841 aliis

362 1914 412 1958 g)
437 1923 578 1944 menno
603 1910 640 1943 in
659 1914 793 1957 Philipp.
810 1913 855 1945 ΙΙ.
881 1925 912 1948 n.
932 1923 977 1954 ²5·
1004 1913 1136 1945 caedem
1154 1911 1295 1946 Caesaris
1315 1912 1576 1956 gloriosiffimum
1596 1913 1718 1947 fastum

410 1956 512 1999 dicit,
541 1965 574 1992 et
599 1969 649 1992 no.
676 1971 730 2001 ¹¹7·
765 1956 891 1991 scribit:
929 1958 1014 1992 Haec
1031 1960 1131 2005 igitur
1147 1970 1206 1992 non
1229 1961 1362 2007 cogitas,
1388 1970 1438 1993 nec
1454 1960 1618 2007 intelligis,
1634 1960 1720 2003 finis

409 2006 467 2051 ff
488 2009 567 2039 vlris
583 2006 720 2044 fortibus
741 2006 889 2049 didicisse,
916 2006 1061 2049 quamsit
1076 2005 1257 2049 pulchrum,
1290 2005 1431 2049 beneficio
1451 2019 1599 2052 gratum,
1624 2008 1720 2051 sama

408 2050 595 2097 glor-infirm,
625 2061 794 2093 lyrannum
818 2051 975 2084 occidere?
1007 2052 1118 2092 Atque
1142 2050 1218 2084 haec
1241 2050 1321 2083 olim
1348 2051 1535 2084 communis
1556 2050 1629 2082 fere
1657 2051 1721 2083 fuit

1594 2107 1720 2140 opimo.
