2044 2748
305 258 395 288 ,ΕΟ

348 343 551 385 mulierem
571 343 742 396 ignotam
763 339 901 384 venifl'e
920 341 1038 394 adse,
1075 355 1170 399 quae
1196 358 1363 386 Mltoms
1389 344 1568 388 mandato
1596 352 1736 387 votum

347 402 538 450 solueret,
567 401 669 452 quod
697 416 877 439 ctomvs
896 401 1039 439 occisus
1068 399 1165 439 effet.

460 456 548 509 Ipso
570 455 697 495 iudicii
719 456 778 498 die
794 469 929 496 omnes
949 465 1028 495 tota
1048 456 1137 496 vrbe
1149 455 1292 495 clausae
1310 465 1416 496 erant
1426 457 1616 507 tabernae,
1635 470 1740 512 prae-

345 511 437 551 fidia
462 514 502 551 in
528 511 614 551 foro
642 522 680 550 et
709 515 804 550 circa
832 526 963 550 omnes
982 512 1056 551 fori
1076 513 1195 551 aditus
1215 511 1410 565 disposita,
1439 528 1648 554 pompmvs
1668 528 1739 566 pro

347 569 512 612 aerario,
554 566 676 619 septus
706 565 846 605 delesta
874 566 1034 606 militum
1066 581 1201 615 manu,
1229 568 1455 618 conseditv),
1512 569 1656 607 Tribus
1684 582 1741 607 ac·

346 621 581 661 cusatoribus
614 637 711 660 vnus
739 621 935 674 respondit
964 638 1137 672 emano,
1184 623 1243 662 sed
1276 638 1354 663 non
1379 639 1442 675 ea,
1486 639 1558 676 qua
1587 623 1738 670 solebat,

345 677 566 717 constantia.
621 680 714 717 Rem
743 679 889 729 optime
919 689 1043 717 narrat
1073 694 1355 719 vnvm-Ancuvs
1392 682 1414 718 I.
1442 694 1467 719 c.
1495 680 1575 719 Vol.
1599 678 1672 718 IV.
1701 692 1740 729 p.

347 740 444 789 478,
484 734 576 773 Milo
596 736 630 773 in
649 736 809 773 iudicium
830 734 993 774 addufft'us
1018 735 1224 788 defensorem
1244 735 1403 776 adhibuit
1423 737 1626 777 Ciceronem.
1682 735 1740 774 At

332 791 484 842 senatus
504 793 645 837 timens,
667 805 708 829 ne
724 793 802 829 viro
819 790 912 829 claro
932 799 965 830 et
980 794 1054 830 acri
1069 804 1125 829 reo
1145 794 1297 830 ciuitatis
1315 796 1408 844 quies
1428 795 1643 838 turbaretur,
1662 804 1739 841 per-

343 847 436 901 mnsst
456 845 644 898 Pompeio,
677 853 716 884 vt
734 846 811 884 huic
827 853 860 884 et
877 848 995 885 ceteris
1016 848 1148 885 iudiciis
1159 847 1352 899 praeeffet,
1383 849 1655 901 prnefidiumque
1680 847 1740 885 Ιια-

341 905 436 942 beret
451 904 498 942 ad
503 903 728 953 securitatem
746 903 841 939 vrbis
856 909 890 940 et
915 904 1126 941 iudiciorum.
1184 904 1280 942 Cum·
1298 904 1353 942 ille
1379 911 1459 941 ante
1480 904 1582 940 lucem
1607 900 1739 950 summa

286 979 288 981 ·
338 958 512 1009 soricum
531 959 678 995 armatis
695 956 887 1008 insediffitt,
917 965 1065 997 metuens
1081 958 1197 1006 Milo,
1228 973 1270 996 ne
1287 957 1485 1010 speffl‘aculo
1514 957 1656 1008 insolito
1682 957 1740 996 Ci-

341 1025 416 1052 cero
444 1014 588 1051 territus
616 1014 725 1049 minus
749 1011 836 1050 reste
860 1012 995 1064 causum
1016 1015 1161 1063 diceret,
1191 1013 1366 1067 persuafit
1382 1016 1432 1058 ci,
1459 1020 1499 1052 vt
1517 1011 1631 1050 lectica
1651 1011 1740 1050 dela-

341 1077 400 1107 tus
417 1071 451 1106 in
456 1069 584 1120 forum
601 1067 804 1117 quiesceret,
832 1069 911 1106 dum
928 1071 1143 1105 conuenirent
1162 1071 1285 1106 iudices
1303 1076 1338 1105 ct
1341 1069 1512 1120 frequens
1535 1065 1618 1117 effect
1644 1080 1739 1105 coro-

338 1132 395 1161 na.
453 1122 641 1160 Enimuero
671 1133 738 1158 non
764 1122 865 1158 modo
899 1124 934 1160 in
961 1123 1046 1159 bello
1071 1122 1126 1157 ille
1144 1124 1282 1158 timidus
1301 1129 1395 1165 erat,
1414 1122 1484 1172 sed
1498 1124 1672 1159 accedebat
1690 1128 1739 1159 et·

339 1181 411 1218 iam
435 1179 483 1216 ad
506 1179 679 1215 fficendum
706 1176 878 1225 trepidus,
910 1188 950 1213 ac
974 1174 1091 1213 multis
1115 1176 1150 1212 in
1179 1176 1287 1230 causta·
1303 1178 1367 1215 vix
1385 1179 1520 1215 tandem
1539 1177 1680 1215 horrere
1704 1183 1739 1215 et

340 1241 482 1273 tremere
496 1234 602 1270 medio
619 1231 786 1285 definebat
803 1232 927 1268 ardore
941 1229 1084 1281 etstatu
1104 1233 1284 1269 orationis.
1340 1232 1386 1269 L.
1407 1233 1613 1279 Murenam,
1640 1246 1738 1284 quem

340 1286 515 1340 accusauit
535 1286 638 1332 Cato,
665 1284 867 1338 &sensurus
885 1291 995 1323 totam
1015 1283 1141 1323 nostem
1160 1286 1374 1334 lucubrauit,
1400 1289 1477 1325 dum
1503 1287 1738 1336 Hortensium,

340 1346 435 1384 cuius
459 1345 543 1382 mire
564 1342 745 1392 placuerat
764 1342 898 1387 oratio,
925 1340 1098 1393 superare
1114 1344 1302 1387 contendit,
1333 1350 1373 1381 vt
1384 1355 1474 1393 prae
1492 1345 1596 1381 nimia
1608 1343 1738 1394 sollici-

340 1402 456 1439 tudine
480 1405 515 1437 et
541 1397 669 1451 vigiliis
693 1399 745 1434 ita
769 1396 925 1449 affecerit
948 1397 1175 1435 valetudinem
1189 1428 1197 1442 ,
1232 1404 1272 1435 vt
1288 1401 1461 1436 concedere
1487 1399 1537 1436 illi
1554 1401 1736 1437 videretur.

341 1457 399 1495 Ac
428 1462 529 1503 tunc,
561 1459 600 1491 vt
623 1455 671 1490 ad
692 1453 849 1490 iudicium
880 1452 1029 1490 Milonis
1054 1451 1169 1489 Ieffica
1201 1453 1332 1490 delatus
1346 1454 1449 1507 fuit,
1484 1460 1518 1491 et
1534 1454 1737 1504 Pompeium

341 1510 588 1561 contemplatus
614 1507 697 1547 loeis
719 1506 964 1560 superioribus
987 1507 1080 1546 velut
1104 1509 1139 1546 in
1157 1507 1272 1560 castris
1294 1509 1529 1564 confidentem,
1555 1517 1658 1563 atque
1674 1511 1738 1548 cir-

553 1577 555 1579 ·
588 1580 590 1585 ·
1650 1579 1738 1606 cum-

383 1677 430 1720 y)
455 1686 529 1710 cxc.
549 1672 584 1707 in
600 1672 770 1708 Milonian.
790 1683 856 1717 cap.
875 1686 897 1707 ι.
944 1675 1054 1717 Atque
1070 1672 1148 1706 hinc
1168 1684 1294 1706 chnz
1305 1683 1348 1708 vs
1364 1672 1435 1710 Lib.
1455 1674 1484 1711 1.
1499 1686 1527 1709 v.
1545 1683 1602 1717 319.

514 1738 559 1745 —
583 1718 663 1764 Qis
684 1718 781 1761 castra
808 1720 929 1752 timenti

522 1764 632 1807 Nescit
653 1766 752 1797 mixta
772 1765 878 1807 foro?
905 1762 1008 1810 ‘gladii
1033 1775 1099 1797 cum
1122 1762 1208 1806 triste
1232 1766 1377 1801 micantes

518 1809 822 1851 Iudicium.i12fi)lita
850 1811 1004 1853 trepidum
1025 1812 1146 1844 cinxere
1172 1821 1294 1853 corona,

518 1857 619 1900 Atque
638 1853 715 1896 auso
736 1855 848 1887 medias
865 1857 1033 1899 irrdmpere
1058 1856 1152 1888 milite
1167 1855 1244 1899 leges

520 1901 704 1944 Pompeiana
727 1911 811 1934 reum
837 1900 993 1944 cluserunt
1008 1900 1101 1949 figna
1126 1900 1302 1936 Milonem?

430 1953 463 1980 et
486 1947 529 1982 L.
549 1946 593 1980 ΙΙ.
616 1958 646 1978 v.
667 1956 738 1988 479.
853 1959 856 1962 ⁴

519 2010 561 2017 --
597 1992 662 2025 Tua
686 1988 798 2035 claffica
813 1991 927 2033 seruat

523 2037 684 2083 Oppositus
710 2037 861 2083 quondam
879 2040 999 2085 polluto
1032 2041 1093 2074 n'ro
1118 2038 1249 2075 Miloni.
