2044 2748
325 275 381 315 26

320 379 517 426 receperat,
545 387 586 413 ne
596 371 650 428 stt
659 366 782 410 ‘inuito
791 369 929 411 Milone.
940 369 975 408 in
992 370 1099 410 bonis.
1145 367 1279 410 Scribit
1296 365 1449 424 quidem'
1469 383 1726 413 »mnemxvs

324 431 367 469 in
384 431 407 468 l.
419 437 459 480 3.
482 430 515 482 §.
527 440 573 481 5.
597 429 645 468 D.
667 430 715 466 ad
730 425 778 467 L‘.
800 426 904 467 Corn.
921 428 962 464 de
971 427 1036 481 fic.
1091 426 1200 480 Legis
1215 426 1393 466 Corneliae
1413 430 1453 466 de
1461 428 1600 483 ficariis
1618 436 1652 467 et
1673 442 1728 468 ve.

324 481 453 535 neficiis
462 497 579 535 poena
596 483 728 535 insulae
748 483 945 533 dmartatio
971 481 1062 533 estet
1086 484 1233 520 omnium
1254 484 1417 522 bonorum
1440 486 1598 522 ademtio.
1653 483 1728 523 Sed

327 538 474 579 dudum
494 539 554 578 alii
571 538 798 587 docuerunt,
813 547 938 575 veram
958 538 1069 588 Legis
1080 537 1279 577 Corneliae
1300 550 1463 591 poenam
1484 536 1590 577 fuisse
1608 534 1726 594 aquae

328 602 370 634 et
405 595 503 644 ignis
534 590 864 643 interdifflonem,
909 592 971 629 cui
1002 591 1129 644 postea
1168 592 1323 630 demum
1361 592 1554 631 bonorum
1582 594 1728 634 acceffit

326 648 491 689 ademtio
506 680 514 696 ,
543 646 637 688 teste
656 660 868 687 svm-omo
890 647 927 685 in
949 647 1048 698 Caes.
1069 662 1139 699 cap.
1157 659 1221 701 42.
1237 647 1376 687 Poenas
1390 649 1593 700 facinorum
1611 653 1728 700 auxit,

323 712 360 744 et
380 718 451 744 cum
465 705 645 755 locupletes
662 717 700 742 eo
715 703 863 755 facilius
871 701 998 753 fielere
1006 702 1052 753 se
1074 704 1287 756 obligarent,
1326 706 1420 756 quod
1449 705 1593 756 integris
1609 708 1728 756 patri.

323 763 446 801 moniis
460 760 668 813 exsulabant
686 766 701 786 ἓ
712 760 728 809 )
740 790 749 805 ,
778 759 973 810 parricidas
988 760 1086 797 bonis
1103 761 1278 810 omnibus,
1304 760 1450 813 reliquos
1473 760 1611 800 dimidia
1624 768 1729 813 parte

321 817 487 857 multauit
503 818 564 867 f),
588 816 651 854 vbi
670 812 936 870 parricidarum
959 814 1209 867 appellatione
1235 818 1447 866 generatim
1473 815 1637 856 veniunt
1661 817 1729 857 ho-

322 871 507 920 micidae,
535 870 664 911 sicarii.
719 875 847 925 Aquae
867 878 906 908 et
923 870 1022 920 ignis
1040 867 1298 911 interdistioni
1325 869 1454 924 postea
1470 870 1646 912 *succeffit
1667 872 1730 911 de-

325 929 507 982 portatio.
564 930 774 980 Sequentes
802 935 927 965 autem
945 928 1070 980 Impp.
1098 940 1224 979 poena
1251 926 1524 980 deportationis
1549 926 1587 967 in
1608 929 1729 968 hone-

323 982 501 1023 stioribus
521 982 685 1029 seruata,
711 981 935 1022 humiliores
952 983 1076 1035 capite
1094 980 1313 1035 ple-[lendes
1330 983 1572 1022 censuerunt.
1627 999 1730 1023 Pav-

323 1053 401 1079 us
423 1042 520 1079 Sent.
543 1040 589 1080 V.
601 1049 661 1090 23.
680 1051 708 1078 1.
737 1049 853 1091 atque
871 1038 963 1077 hinc
981 1052 1257 1078 IVSTJNIANVS
1277 1039 1316 1078 in
1345 1036 1378 1090 §.
1392 1049 1433 1091 5.
1453 1037 1538 1089 lnst.
1569 1043 1609 1078 de
1628 1040 1727 1091 publ.

323 1096 394 1138 iud.
450 1097 547 1133 Idem
563 1096 619 1133 lex
636 1094 796 1133 Cornelia
812 1096 851 1132 de
857 1095 1015 1147 ficariis,
1048 1107 1135 1145 quae
1161 1094 1346 1134 homicidas
1370 1097 1482 1134 vltore
1495 1095 1601 1147 firro
1612 1095 1729 1148 ρπβ·

321 1151 462 1202 quitur,
487 1149 544 1188 vel
557 1163 632 1199 eos,
660 1150 720 1201 qui
735 1147 883 1187 hominis
900 1145 1069 1187 occidendi
1085 1149 1188 1197 causa
1206 1161 1279 1185 cum
1296 1152 1363 1187 telo
1381 1151 1570 1193 ambulant.
1643 1162 1647 1165 ’

818 1268 1096 1308 CAPVT
1151 1269 1226 1307 1v.

629 1353 761 1406 Iustene
788 1367 832 1392 an
863 1352 987 1405 iniuste
1014 1355 1197 1394 danmatus
1213 1355 1268 1409 stt
1296 1355 1422 1395 Milo?

437 1442 638 1469 τνιιινινι
670 1424 696 1464 fi
715 1424 920 1474 audiamus,
944 1424 993 1464 de
1012 1425 1187 1466 iniustitia
1212 1427 1338 1467 iudicii
1358 1429 1560 1470 Miloniani
1575 1432 1725 1473 nullum

320 1484 437 1527 nobis
455 1481 640 1537 superesse
658 1482 816 1521 dubium
845 1481 969 1521 debet.
1023 1482 1130 1522 Adeo
1158 1485 1260 1523 enim
1289 1484 1419 1523 causae
1442 1485 1529 1525 suae
1553 1487 1725 1536 confidit,

318 1550 361 1583 vt
377 1554 451 1592 cap.
476 1541 540 1579 vlt.
561 1537 723 1578 scribere
750 1536 862 1576 haud>
879 1535 1089 1579 dubitaret:
1127 1539 1271 1579 Hiecine
1295 1542 1351 1579 nir
1366 1544 1514 1592 *patriae
1536 1550 1641 1582 natus
1668 1544 1725 1596 vs2

316 1612 444 1652 quam,
469 1597 535 1652 nifi
551 1598 586 1635 in
604 1596 747 1646 patria,
778 1593 974 1632 morietur?
1001 1602 1082 1642 aut,
1102 1596 1262 1648 fiforte‚
1282 1609 1354 1646 pro
1365 1599 1517 1647 patria?
1544 1598 1645 1638 huius
1663 1613 1725 1639 vos

317 1655 427 1693 animi
443 1657 660 1691 monumenta
682 1651 888 1695 retinebitis,
918 1653 1073 1700 corporis
1083 1653 1123 1689 in
1148 1652 1261 1690 Italia
1285 1648 1415 1691 nullum
1432 1653 1630 1704 sepulerum
1658 1655 1725 1707 effe

305 1707 526 1761 patiemini?
558 1706 647 1746 hunc
662 1704 736 1757 sua
761 1707 938 1757 quisquam
956 1705 1136 1757 sententia
1160 1719 1204 1744 ex
1228 1706 1293 1746 hac
1320 1710 1403 1746 vrbe
1425 1709 1588 1759 expellet,
1625 1724 1722 1763 quem

317 1777 432 1805 omnes
449 1765 548 1802 vrbes
563 1761 742 1813 expulsum
760 1775 782 1799 a
801 1762 899 1800 vobis
917 1763 965 1800 ad
969 1761 1232 1812 sevae-abunt?
1265 1763 1304 1803 0
1319 1770 1447 1804 terram
1464 1764 1558 1803 illam
1576 1768 1722 1813 beatam,

1633 1834 1721 1874 quae

359 1929 404 1974 e)
426 1926 598 1963 veriffime
615 1938 828 1962 wvemus
849 1928 875 1962 Ι.
892 1932 944 1969 48.

545 1993 587 1999 —-
609 1974 708 2020 ,Qid
728 1977 808 2008 enim
823 1972 926 2016 fizluis
951 1972 1085 2019 inflzmia
1108 1974 1264 2008 nummis?

361 2019 400 2065 f)
422 2019 507 2056 Vid.'
522 2031 602 2053 mc.
626 2030 854 2053 xzozcxnoz·
877 2018 947 2063 lust.
971 2024 1023 2055 iur
1044 2032 1120 2055 rom.
1137 2019 1171 2053 de
1188 2018 1254 2053 bon.
1274 2018 1445 2054 damnator.
1467 2018 1507 2058 L.
1528 2021 1567 2055 B.
1584 2030 1663 2065 1749.
1682 2032 1721 2068 p.

404 2070 453 2107 80.
471 2078 500 2102 et
518 2076 650 2102 nox-s.
673 2074 849 2101 cunam
867 2067 914 2102 ius
930 2069 1014 2103 crim.
1033 2067 1049 2109 (
1063 2066 1163 2101 Ticini
1179 2065 1283 2109 1779.)
1306 2065 1406 2099 Tem.
1428 2064 1454 2101 Ι,
1469 2075 1503 2111 p.
1524 2068 1580 2110 156,
